%YAML 1.1
%TAG !u! tag:unity3d.com,2011:
--- !u!1 &4388711406180506803
GameObject:
  m_ObjectHideFlags: 0
  m_CorrespondingSourceObject: {fileID: 0}
  m_PrefabInstance: {fileID: 0}
  m_PrefabAsset: {fileID: 0}
  serializedVersion: 6
  m_Component:
  - component: {fileID: 4388711406180506807}
  - component: {fileID: 4388711406180506804}
  - component: {fileID: 4388711406180506805}
  - component: {fileID: 4388711406180506802}
  - component: {fileID: 35652491571575501}
  - component: {fileID: 5372132396974357840}
  m_Layer: 0
  m_Name: shield
  m_TagString: Shield
  m_Icon: {fileID: 0}
  m_NavMeshLayer: 0
  m_StaticEditorFlags: 0
  m_IsActive: 1
--- !u!4 &4388711406180506807
Transform:
  m_ObjectHideFlags: 0
  m_CorrespondingSourceObject: {fileID: 0}
  m_PrefabInstance: {fileID: 0}
  m_PrefabAsset: {fileID: 0}
  m_GameObject: {fileID: 4388711406180506803}
  m_LocalRotation: {x: 0, y: 0, z: 0, w: 1}
  m_LocalPosition: {x: -4.987475, y: 0.35368484, z: 0}
  m_LocalScale: {x: 0.75, y: 0.75, z: 0.75}
  m_Children:
  - {fileID: 3947872140335897265}
  m_Father: {fileID: 0}
  m_RootOrder: 0
  m_LocalEulerAnglesHint: {x: 0, y: 0, z: 0}
--- !u!33 &4388711406180506804
MeshFilter:
  m_ObjectHideFlags: 0
  m_CorrespondingSourceObject: {fileID: 0}
  m_PrefabInstance: {fileID: 0}
  m_PrefabAsset: {fileID: 0}
  m_GameObject: {fileID: 4388711406180506803}
  m_Mesh: {fileID: 10202, guid: 0000000000000000e000000000000000, type: 0}
--- !u!23 &4388711406180506805
MeshRenderer:
  m_ObjectHideFlags: 0
  m_CorrespondingSourceObject: {fileID: 0}
  m_PrefabInstance: {fileID: 0}
  m_PrefabAsset: {fileID: 0}
  m_GameObject: {fileID: 4388711406180506803}
  m_Enabled: 0
  m_CastShadows: 1
  m_ReceiveShadows: 1
  m_DynamicOccludee: 1
  m_MotionVectors: 1
  m_LightProbeUsage: 1
  m_ReflectionProbeUsage: 1
  m_RenderingLayerMask: 1
  m_RendererPriority: 0
  m_Materials:
  - {fileID: 10303, guid: 0000000000000000f000000000000000, type: 0}
  m_StaticBatchInfo:
    firstSubMesh: 0
    subMeshCount: 0
  m_StaticBatchRoot: {fileID: 0}
  m_ProbeAnchor: {fileID: 0}
  m_LightProbeVolumeOverride: {fileID: 0}
  m_ScaleInLightmap: 1
  m_PreserveUVs: 0
  m_IgnoreNormalsForChartDetection: 0
  m_ImportantGI: 0
  m_StitchLightmapSeams: 1
  m_SelectedEditorRenderState: 3
  m_MinimumChartSize: 4
  m_AutoUVMaxDistance: 0.5
  m_AutoUVMaxAngle: 89
  m_LightmapParameters: {fileID: 0}
  m_SortingLayerID: 0
  m_SortingLayer: 0
  m_SortingOrder: 0
--- !u!65 &4388711406180506802
BoxCollider:
  m_ObjectHideFlags: 0
  m_CorrespondingSourceObject: {fileID: 0}
  m_PrefabInstance: {fileID: 0}
  m_PrefabAsset: {fileID: 0}
  m_GameObject: {fileID: 4388711406180506803}
  m_Material: {fileID: 0}
  m_IsTrigger: 1
  m_Enabled: 1
  serializedVersion: 2
  m_Size: {x: 1.32, y: 0.7243092, z: 1}
  m_Center: {x: 0, y: 0.15502179, z: 0}
--- !u!54 &35652491571575501
Rigidbody:
  m_ObjectHideFlags: 0
  m_CorrespondingSourceObject: {fileID: 0}
  m_PrefabInstance: {fileID: 0}
  m_PrefabAsset: {fileID: 0}
  m_GameObject: {fileID: 4388711406180506803}
  serializedVersion: 2
  m_Mass: 1
  m_Drag: 0
  m_AngularDrag: 0.05
  m_UseGravity: 0
  m_IsKinematic: 0
  m_Interpolate: 0
  m_Constraints: 0
  m_CollisionDetection: 0
--- !u!114 &5372132396974357840
MonoBehaviour:
  m_ObjectHideFlags: 0
  m_CorrespondingSourceObject: {fileID: 0}
  m_PrefabInstance: {fileID: 0}
  m_PrefabAsset: {fileID: 0}
  m_GameObject: {fileID: 4388711406180506803}
  m_Enabled: 1
  m_EditorHideFlags: 0
  m_Script: {fileID: 11500000, guid: cb2d73a5a55a44a2b26f68851c1aca0b, type: 3}
  m_Name: 
  m_EditorClassIdentifier: 
  health: 1000
--- !u!1001 &8337038147271029163
PrefabInstance:
  m_ObjectHideFlags: 0
  serializedVersion: 2
  m_Modification:
    m_TransformParent: {fileID: 4388711406180506807}
    m_Modifications:
    - target: {fileID: -927199367670048503, guid: f384706ef6e7c04438eb6904aa05e8f3,
        type: 3}
      propertyPath: m_Name
      value: ShieldStation
      objectReference: {fileID: 0}
    - target: {fileID: -4216859302048453862, guid: f384706ef6e7c04438eb6904aa05e8f3,
        type: 3}
      propertyPath: m_LocalPosition.x
      value: -0
      objectReference: {fileID: 0}
    - target: {fileID: -4216859302048453862, guid: f384706ef6e7c04438eb6904aa05e8f3,
        type: 3}
      propertyPath: m_LocalPosition.y
      value: -0.023
      objectReference: {fileID: 0}
    - target: {fileID: -4216859302048453862, guid: f384706ef6e7c04438eb6904aa05e8f3,
        type: 3}
      propertyPath: m_LocalPosition.z
      value: 0
      objectReference: {fileID: 0}
    - target: {fileID: -4216859302048453862, guid: f384706ef6e7c04438eb6904aa05e8f3,
        type: 3}
      propertyPath: m_LocalRotation.x
      value: -0.7071068
      objectReference: {fileID: 0}
    - target: {fileID: -4216859302048453862, guid: f384706ef6e7c04438eb6904aa05e8f3,
        type: 3}
      propertyPath: m_LocalRotation.y
      value: 0
      objectReference: {fileID: 0}
    - target: {fileID: -4216859302048453862, guid: f384706ef6e7c04438eb6904aa05e8f3,
        type: 3}
      propertyPath: m_LocalRotation.z
      value: -0
      objectReference: {fileID: 0}
    - target: {fileID: -4216859302048453862, guid: f384706ef6e7c04438eb6904aa05e8f3,
        type: 3}
      propertyPath: m_LocalRotation.w
      value: 0.7071067
      objectReference: {fileID: 0}
    - target: {fileID: -4216859302048453862, guid: f384706ef6e7c04438eb6904aa05e8f3,
        type: 3}
      propertyPath: m_RootOrder
      value: 0
      objectReference: {fileID: 0}
    - target: {fileID: -4216859302048453862, guid: f384706ef6e7c04438eb6904aa05e8f3,
        type: 3}
      propertyPath: m_LocalEulerAnglesHint.x
      value: 0
      objectReference: {fileID: 0}
    - target: {fileID: -4216859302048453862, guid: f384706ef6e7c04438eb6904aa05e8f3,
        type: 3}
      propertyPath: m_LocalEulerAnglesHint.y
      value: 0
      objectReference: {fileID: 0}
    - target: {fileID: -4216859302048453862, guid: f384706ef6e7c04438eb6904aa05e8f3,
        type: 3}
      propertyPath: m_LocalEulerAnglesHint.z
      value: 0
      objectReference: {fileID: 0}
    - target: {fileID: -4216859302048453862, guid: f384706ef6e7c04438eb6904aa05e8f3,
        type: 3}
      propertyPath: m_LocalScale.x
      value: 12.672002
      objectReference: {fileID: 0}
    - target: {fileID: -4216859302048453862, guid: f384706ef6e7c04438eb6904aa05e8f3,
        type: 3}
      propertyPath: m_LocalScale.y
      value: 12.672002
      objectReference: {fileID: 0}
    - target: {fileID: -4216859302048453862, guid: f384706ef6e7c04438eb6904aa05e8f3,
        type: 3}
      propertyPath: m_LocalScale.z
      value: 12.672002
      objectReference: {fileID: 0}
    - target: {fileID: -1504981713932161579, guid: f384706ef6e7c04438eb6904aa05e8f3,
        type: 3}
      propertyPath: m_Materials.Array.data[0]
      value: 
      objectReference: {fileID: 2100000, guid: cf11baf25ab2c8547969f38dd6227b1c, type: 2}
    m_RemovedComponents: []
  m_SourcePrefab: {fileID: 100100000, guid: f384706ef6e7c04438eb6904aa05e8f3, type: 3}
--- !u!4 &3947872140335897265 stripped
Transform:
  m_CorrespondingSourceObject: {fileID: -4216859302048453862, guid: f384706ef6e7c04438eb6904aa05e8f3,
    type: 3}
  m_PrefabInstance: {fileID: 8337038147271029163}
  m_PrefabAsset: {fileID: 0}
